@ONLINE {wiki_elastic,
    author = "Wikipedia",
    title = "Elasticsearch Wikipédia",
    url    = "https://fr.wikipedia.org/wiki/Elasticsearch"
}
@ONLINE {wiki_fulltextsearch,
    author = "Wikipedia",
    title = "Fulltext -- Wikipedia",
    url    = "https://en.wikipedia.org/wiki/Full_text"
}
@ONLINE {tutopoint,
    author = "Tutorialspoint",
    title = "Elasticsearch Tutotial",
    url    = "https://www.tutorialspoint.com/elasticsearch/elasticsearch_basic_concepts.htm"
}
@ONLINE {openclassroom,
    author = "",
    title = "Etudiez le fonctionnement d’Elasticsearch",
    url    = "https://openclassrooms.com/fr/courses/4462426-maitrisez-les-bases-de-donnees-nosql/4474691-etudiez-le-fonctionnement-d-elasticsearch"
}
@ONLINE {elasticsearch,
    author = "elasticsearch.co",
    title = "Elasticsearch Reference [7.5] | Elastic",
    url    = "https://www.elastic.co/guide/en/elasticsearch/reference/current/index.html"
}
@ONLINE {datasource,
    author = "ikeptwalking.com",
    title = "Sample data for Elasticsearch",
    url    = "https://ikeptwalking.com/sample-data-for-elasticsearch/"
}